{"marketId":"texas-republican-senate-primary-winner","tokenId":"token-texas-gop-senate-paxton","bids":[{"price":0.56,"size":2682},{"price":0.55,"size":1607},{"price":0.54,"size":2830},{"price":0.53,"size":559},{"price":0.52,"size":1275},{"price":0.51,"size":1088},{"price":0.5,"size":1557},{"price":0.49,"size":1464},{"price":0.48,"size":984},{"price":0.47,"size":2315},{"price":0.46,"size":3532},{"price":0.45,"size":2859}],"asks":[{"price":0.58,"size":3024},{"price":0.59,"size":2596},{"price":0.6,"size":1256},{"price":0.61,"size":499},{"price":0.62,"size":652},{"price":0.63,"size":2923},{"price":0.64,"size":1425},{"price":0.65,"size":2297},{"price":0.66,"size":2931},{"price":0.67,"size":1657},{"price":0.68,"size":758},{"price":0.69,"size":2075}],"trades":[{"id":"trade-19","side":"buy","price":0.56,"size":512,"timestamp":"2026-05-13T10:36:36.332Z"},{"id":"trade-18","side":"sell","price":0.56,"size":1166,"timestamp":"2026-05-13T09:36:36.332Z"},{"id":"trade-17","side":"buy","price":0.56,"size":158,"timestamp":"2026-05-13T08:36:36.332Z"},{"id":"trade-16","side":"buy","price":0.58,"size":256,"timestamp":"2026-05-13T07:36:36.332Z"},{"id":"trade-15","side":"sell","price":0.56,"size":172,"timestamp":"2026-05-13T06:36:36.332Z"},{"id":"trade-14","side":"buy","price":0.56,"size":1307,"timestamp":"2026-05-13T05:36:36.332Z"},{"id":"trade-13","side":"buy","price":0.55,"size":491,"timestamp":"2026-05-13T04:36:36.332Z"},{"id":"trade-12","side":"sell","price":0.58,"size":1400,"timestamp":"2026-05-13T03:36:36.332Z"},{"id":"trade-11","side":"buy","price":0.57,"size":1546,"timestamp":"2026-05-13T02:36:36.332Z"},{"id":"trade-10","side":"buy","price":0.59,"size":1120,"timestamp":"2026-05-13T01:36:36.332Z"},{"id":"trade-9","side":"sell","price":0.58,"size":251,"timestamp":"2026-05-13T00:36:36.332Z"},{"id":"trade-8","side":"buy","price":0.57,"size":685,"timestamp":"2026-05-12T23:36:36.332Z"},{"id":"trade-7","side":"buy","price":0.57,"size":1225,"timestamp":"2026-05-12T22:36:36.332Z"},{"id":"trade-6","side":"sell","price":0.58,"size":931,"timestamp":"2026-05-12T21:36:36.332Z"},{"id":"trade-5","side":"buy","price":0.56,"size":1554,"timestamp":"2026-05-12T20:36:36.332Z"},{"id":"trade-4","side":"buy","price":0.58,"size":1487,"timestamp":"2026-05-12T19:36:36.332Z"},{"id":"trade-3","side":"sell","price":0.56,"size":1415,"timestamp":"2026-05-12T18:36:36.332Z"},{"id":"trade-2","side":"buy","price":0.56,"size":711,"timestamp":"2026-05-12T17:36:36.332Z"},{"id":"trade-1","side":"buy","price":0.59,"size":148,"timestamp":"2026-05-12T16:36:36.332Z"},{"id":"trade-0","side":"sell","price":0.56,"size":1578,"timestamp":"2026-05-12T15:36:36.332Z"}],"spread":0.02,"midPrice":0.57,"tickSize":0.01,"source":"mock","updatedAt":"2026-05-13T11:36:36.332Z"}